<record><leader>00000cas a22000007a 4500</leader><controlfield tag="001">14126208</controlfield><controlfield tag="008">860822d18501856pauwr ne      0    0eng d</controlfield><datafield ind1=" " ind2=" " tag="010"><subfield code="a">sn 86053642 </subfield></datafield><datafield ind1=" " ind2=" " tag="040"><subfield code="a">NPX</subfield><subfield code="b">eng</subfield><subfield code="c">NPX</subfield><subfield code="d">CNK</subfield><subfield code="d">OCLCQ</subfield></datafield><datafield ind1=" " ind2=" " tag="042"><subfield code="a">msc</subfield></datafield><datafield ind1="0" ind2="4" tag="245"><subfield code="a">The Minersville bulletin.</subfield></datafield><datafield ind1=" " ind2=" " tag="260"><subfield code="a">Minersville [Pa.] :</subfield><subfield code="b">Geo. Wynkoop</subfield></datafield><datafield ind1=" " ind2=" " tag="300"><subfield code="a">v.</subfield></datafield><datafield ind1=" " ind2=" " tag="310"><subfield code="a">Weekly</subfield></datafield><datafield ind1="1" ind2=" " tag="362"><subfield code="a">Began in 1850; ceased in 1856?</subfield><subfield code="z">Cf. Rossell, G.E. Pa. newspapers.</subfield></datafield><datafield ind1=" " ind2=" " tag="500"><subfield code="a">Publishers: George Wynkoop, &lt;1852&gt;; N.W. Lewis, &lt;1856&gt;.</subfield></datafield><datafield ind1=" " ind2=" " tag="500"><subfield code="a">Editor: George Wynkoop, &lt;1852&gt;.</subfield></datafield><datafield ind1=" " ind2=" " tag="588"><subfield code="a">Description based on: Vol. 3, no. 9 (Nov. 24, 1852).</subfield></datafield><datafield ind1=" " ind2=" " tag="752"><subfield code="a">United States</subfield><subfield code="b">Pennsylvania</subfield><subfield code="c">Schuylkill</subfield><subfield code="d">Minersville.</subfield></datafield></record>